@article{bentley1986literate,
 author = {Bentley, Jon and Knuth, Don and McIlroy, Doug},
 title = {Programming Pearls: A Literate Program},
 journal = {Commun. ACM},
 issue_date = {June 1986},
 volume = {29},
 number = {6},
 month = jun,
 year = {1986},
 issn = {0001-0782},
 pages = {471--483},
 numpages = {13},
 url = {http://doi.acm.org/10.1145/5948.315654},
 doi = {10.1145/5948.315654},
 acmid = {315654},
 publisher = {ACM},
 address = {New York, NY, USA},
}
